%%% ====================================================================
%%%  BibTeX-file{
%%%     author          = "Gerry Murray",
%%%     version         = "1.2",
%%%     date            = "2 April 2012",
%%%     filename        = "acmsmall-sample-bibfile.bib",
%%%     address         = "ACM, NY",
%%%     email           = "murray at hq.acm.org",
%%%     codetable       = "ISO/ASCII",
%%%     keywords        = "ACM Reference Format, bibliography, citation, references",
%%%     supported       = "yes",
%%%     docstring       = "This BibTeX database file contains 'bibdata' entries
%%%                        that 'match' the examples provided in the Specifications Document
%%%                        AND, also, 'legacy'-type bibs. It should assist authors in
%%%                        choosing the 'correct' at-bibtype and necessary bib-fields
%%%                        so as to obtain the appropriate ACM Reference Format output.
%%%                        It also contains many 'Standard Abbreviations'. "
%%%  }
%%% ====================================================================

% Journals

% First the Full Name is given, then the abbreviation used in the AMS Math
% Reviews, with an indication if it could not be found there.
% Note the 2nd overwrites the 1st, so swap them if you want the full name.

 %{AMS}
 @String{AMSTrans = "American Mathematical Society Translations" }
 @String{AMSTrans = "Amer. Math. Soc. Transl." }
 @String{BullAMS = "Bulletin of the American Mathematical Society" }
 @String{BullAMS = "Bull. Amer. Math. Soc." }
 @String{ProcAMS = "Proceedings of the American Mathematical Society" }
 @String{ProcAMS = "Proc. Amer. Math. Soc." }
 @String{TransAMS = "Transactions of the American Mathematical Society" }
 @String{TransAMS = "Trans. Amer. Math. Soc." }

 %ACM
 @String{CACM = "Communications of the {ACM}" }
 @String{CACM = "Commun. {ACM}" }
 @String{CompServ = "Comput. Surveys" }
 @String{JACM = "J. ACM" }
 @String{ACMMathSoft = "{ACM} Transactions on Mathematical Software" }
 @String{ACMMathSoft = "{ACM} Trans. Math. Software" }
 @String{SIGNUM = "{ACM} {SIGNUM} Newsletter" }
 @String{SIGNUM = "{ACM} {SIGNUM} Newslett." }

 @String{AmerSocio = "American Journal of Sociology" }
 @String{AmerStatAssoc = "Journal of the American Statistical Association" }
 @String{AmerStatAssoc = "J. Amer. Statist. Assoc." }
 @String{ApplMathComp = "Applied Mathematics and Computation" }
 @String{ApplMathComp = "Appl. Math. Comput." }
 @String{AmerMathMonthly = "American Mathematical Monthly" }
 @String{AmerMathMonthly = "Amer. Math. Monthly" }
 @String{BIT = "{BIT}" }
 @String{BritStatPsych = "British Journal of Mathematical and Statistical
          Psychology" }
 @String{BritStatPsych = "Brit. J. Math. Statist. Psych." }
 @String{CanMathBull = "Canadian Mathematical Bulletin" }
 @String{CanMathBull = "Canad. Math. Bull." }
 @String{CompApplMath = "Journal of Computational and Applied Mathematics" }
 @String{CompApplMath = "J. Comput. Appl. Math." }
 @String{CompPhys = "Journal of Computational Physics" }
 @String{CompPhys = "J. Comput. Phys." }
 @String{CompStruct = "Computers and Structures" }
 @String{CompStruct = "Comput. \& Structures" }
 @String{CompJour = "The Computer Journal" }
 @String{CompJour = "Comput. J." }
 @String{CompSysSci = "Journal of Computer and System Sciences" }
 @String{CompSysSci = "J. Comput. System Sci." }
 @String{Computing = "Computing" }
 @String{ContempMath = "Contemporary Mathematics" }
 @String{ContempMath = "Contemp. Math." }
 @String{Crelle = "Crelle's Journal" }
 @String{GiornaleMath = "Giornale di Mathematiche" }
 @String{GiornaleMath = "Giorn. Mat." } % didn't find in AMS MR., ibid.

 %IEEE
 @String{Computer = "{IEEE} Computer" }
 @String{IEEETransComp = "{IEEE} Transactions on Computers" }
 @String{IEEETransComp = "{IEEE} Trans. Comput." }
 @String{IEEETransAC = "{IEEE} Transactions on Automatic Control" }
 @String{IEEETransAC = "{IEEE} Trans. Automat. Control" }
 @String{IEEESpec = "{IEEE} Spectrum" } % didn't find in AMS MR
 @String{ProcIEEE = "Proceedings of the {IEEE}" }
 @String{ProcIEEE = "Proc. {IEEE}" } % didn't find in AMS MR
 @String{IEEETransAeroElec = "{IEEE} Transactions on Aerospace and Electronic
     Systems" }
 @String{IEEETransAeroElec = "{IEEE} Trans. Aerospace Electron. Systems" }

 @String{IMANumerAna = "{IMA} Journal of Numerical Analysis" }
 @String{IMANumerAna = "{IMA} J. Numer. Anal." }
 @String{InfProcLet = "Information Processing Letters" }
 @String{InfProcLet = "Inform. Process. Lett." }
 @String{InstMathApp = "Journal of the Institute of Mathematics and
     its Applications" }
 @String{InstMathApp = "J. Inst. Math. Appl." }
 @String{IntControl = "International Journal of Control" }
 @String{IntControl = "Internat. J. Control" }
 @String{IntNumerEng = "International Journal for Numerical Methods in
     Engineering" }
 @String{IntNumerEng = "Internat. J. Numer. Methods Engrg." }
 @String{IntSuper = "International Journal of Supercomputing Applications" }
 @String{IntSuper = "Internat. J. Supercomputing Applic." } % didn't find
%% in AMS MR
 @String{Kibernetika = "Kibernetika" }
 @String{JResNatBurStand = "Journal of Research of the National Bureau
     of Standards" }
 @String{JResNatBurStand = "J. Res. Nat. Bur. Standards" }
 @String{LinAlgApp = "Linear Algebra and its Applications" }
 @String{LinAlgApp = "Linear Algebra Appl." }
 @String{MathAnaAppl = "Journal of Mathematical Analysis and Applications" }
 @String{MathAnaAppl = "J. Math. Anal. Appl." }
 @String{MathAnnalen = "Mathematische Annalen" }
 @String{MathAnnalen = "Math. Ann." }
 @String{MathPhys = "Journal of Mathematical Physics" }
 @String{MathPhys = "J. Math. Phys." }
 @String{MathComp = "Mathematics of Computation" }
 @String{MathComp = "Math. Comp." }
 @String{MathScand = "Mathematica Scandinavica" }
 @String{MathScand = "Math. Scand." }
 @String{TablesAidsComp = "Mathematical Tables and Other Aids to Computation" }
 @String{TablesAidsComp = "Math. Tables Aids Comput." }
 @String{NumerMath = "Numerische Mathematik" }
 @String{NumerMath = "Numer. Math." }
 @String{PacificMath = "Pacific Journal of Mathematics" }
 @String{PacificMath = "Pacific J. Math." }
 @String{ParDistComp = "Journal of Parallel and Distributed Computing" }
 @String{ParDistComp = "J. Parallel and Distrib. Comput." } % didn't find
%% in AMS MR
 @String{ParComputing = "Parallel Computing" }
 @String{ParComputing = "Parallel Comput." }
 @String{PhilMag = "Philosophical Magazine" }
 @String{PhilMag = "Philos. Mag." }
 @String{ProcNAS = "Proceedings of the National Academy of Sciences
                    of the USA" }
 @String{ProcNAS = "Proc. Nat. Acad. Sci. U. S. A." }
 @String{Psychometrika = "Psychometrika" }
 @String{QuartMath = "Quarterly Journal of Mathematics, Oxford, Series (2)" }
 @String{QuartMath = "Quart. J. Math. Oxford Ser. (2)" }
 @String{QuartApplMath = "Quarterly of Applied Mathematics" }
 @String{QuartApplMath = "Quart. Appl. Math." }
 @String{RevueInstStat = "Review of the International Statisical Institute" }
 @String{RevueInstStat = "Rev. Inst. Internat. Statist." }

 %SIAM
 @String{JSIAM = "Journal of the Society for Industrial and Applied
     Mathematics" }
 @String{JSIAM = "J. Soc. Indust. Appl. Math." }
 @String{JSIAMB = "Journal of the Society for Industrial and Applied
     Mathematics, Series B, Numerical Analysis" }
 @String{JSIAMB = "J. Soc. Indust. Appl. Math. Ser. B Numer. Anal." }
 @String{SIAMAlgMeth = "{SIAM} Journal on Algebraic and Discrete Methods" }
 @String{SIAMAlgMeth = "{SIAM} J. Algebraic Discrete Methods" }
 @String{SIAMAppMath = "{SIAM} Journal on Applied Mathematics" }
 @String{SIAMAppMath = "{SIAM} J. Appl. Math." }
 @String{SIAMComp = "{SIAM} Journal on Computing" }
 @String{SIAMComp = "{SIAM} J. Comput." }
 @String{SIAMMatrix = "{SIAM} Journal on Matrix Analysis and Applications" }
 @String{SIAMMatrix = "{SIAM} J. Matrix Anal. Appl." }
 @String{SIAMNumAnal = "{SIAM} Journal on Numerical Analysis" }
 @String{SIAMNumAnal = "{SIAM} J. Numer. Anal." }
 @String{SIAMReview = "{SIAM} Review" }
 @String{SIAMReview = "{SIAM} Rev." }
 @String{SIAMSciStat = "{SIAM} Journal on Scientific and Statistical
     Computing" }
 @String{SIAMSciStat = "{SIAM} J. Sci. Statist. Comput." }

 @String{SoftPracExp = "Software Practice and Experience" }
 @String{SoftPracExp = "Software Prac. Experience" } % didn't find in AMS MR
 @String{StatScience = "Statistical Science" }
 @String{StatScience = "Statist. Sci." }
 @String{Techno = "Technometrics" }
 @String{USSRCompMathPhys = "{USSR} Computational Mathematics and Mathematical
     Physics" }
 @String{USSRCompMathPhys = "{U. S. S. R.} Comput. Math. and Math. Phys." }
 @String{VLSICompSys = "Journal of {VLSI} and Computer Systems" }
 @String{VLSICompSys = "J. {VLSI} Comput. Syst." }
 @String{ZAngewMathMech = "Zeitschrift fur Angewandte Mathematik und
     Mechanik" }
 @String{ZAngewMathMech = "Z. Angew. Math. Mech." }
 @String{ZAngewMathPhys = "Zeitschrift fur Angewandte Mathematik und Physik" }
 @String{ZAngewMathPhys = "Z. Angew. Math. Phys." }

% Publishers % ================================================= |

 @String{Academic = "Academic Press" }
 @String{ACMPress = "{ACM} Press" }
 @String{AdamHilger = "Adam Hilger" }
 @String{AddisonWesley = "Addison-Wesley" }
 @String{AllynBacon = "Allyn and Bacon" }
 @String{AMS = "American Mathematical Society" }
 @String{Birkhauser = "Birkha{\"u}ser" }
 @String{CambridgePress = "Cambridge University Press" }
 @String{Chelsea = "Chelsea" }
 @String{ClaredonPress = "Claredon Press" }
 @String{DoverPub = "Dover Publications" }
 @String{Eyolles = "Eyolles" }
 @String{HoltRinehartWinston = "Holt, Rinehart and Winston" }
 @String{Interscience = "Interscience" }
 @String{JohnsHopkinsPress = "The Johns Hopkins University Press" }
 @String{JohnWileySons = "John Wiley and Sons" }
 @String{Macmillan = "Macmillan" }
 @String{MathWorks = "The Math Works Inc." }
 @String{McGrawHill = "McGraw-Hill" }
 @String{NatBurStd = "National Bureau of Standards" }
 @String{NorthHolland = "North-Holland" }
 @String{OxfordPress = "Oxford University Press" }  %address Oxford or London?
 @String{PergamonPress = "Pergamon Press" }
 @String{PlenumPress = "Plenum Press" }
 @String{PrenticeHall = "Prentice-Hall" }
 @String{SIAMPub = "{SIAM} Publications" }
 @String{Springer = "Springer-Verlag" }
 @String{TexasPress = "University of Texas Press" }
 @String{VanNostrand = "Van Nostrand" }
 @String{WHFreeman = "W. H. Freeman and Co." }

%Entries




@incollection{ch00,
  author       = {Fincher, Sally A. and Robins, Anthony},
  title      = {An important and timely field},
  editor      = {Sally A. Fincher and Anthony V. Robins},
  booktitle   = {The Cambridge Handbook of Computing Education Research},
  publisher   = {Cambridge University Press},
  address     = {Cambridge},
  year        = {2019},
  pages       = {NNN-NNN},
  chapter     = {0},
}
@incollection{ch01,
  author      = {Guzdial, Mark and Boulay, Benedict du},
  title       = {The History of computing education research},
  editor      = {Sally A. Fincher and Anthony V. Robins},
  booktitle   = {The Cambridge Handbook of Computing Education Research},
  publisher   = {Cambridge University Press},
  address     = {Cambridge},
  year        = {2019},
  pages       = {NNN-NNN},
  chapter     = {1},
}
@incollection{ch02,
  author      = {Fincher, Sally A. and Tenenberg, Josh and Dorn, Brian and Hundhausen, Christopher and McCartney, Robert and Murphy, Laurie},
  title       = {Computing education research today},
  editor      = {Sally A. Fincher and Anthony V. Robins},
  booktitle   = {The Cambridge Handbook of Computing Education Research},
  publisher   = {Cambridge University Press},
  address     = {Cambridge},
  year        = {2019},
  pages       = {NNN-NNN},
  chapter     = {2},
}
@incollection{ch03,
  author      = {Blikstein, Paulo and Hejazi Moghadam, Sepi},
  title       = {Computing education: Literature review and voices from the field},
  editor      = {Sally A. Fincher and Anthony V. Robins},
  booktitle   = {The Cambridge Handbook of Computing Education Research},
  publisher   = {Cambridge University Press},
  address     = {Cambridge},
  year        = {2019},
  pages       = {NNN-NNN},
  chapter     = {3},
}
@incollection{ch04,
  author      = {Ko, Andrew J. and Fincher, Sally A.},
  title       = {A study design process},
  editor      = {Sally A. Fincher and Anthony V. Robins},
  booktitle   = {The Cambridge Handbook of Computing Education Research},
  publisher   = {Cambridge University Press},
  address     = {Cambridge},
  year        = {2019},
  pages       = {NNN-NNN},
  chapter     = {4},
}
@incollection{ch05,
  author      = {Haden, Patricia},
  title       = {Descriptive statistics},
  editor      = {Sally A. Fincher and Anthony V. Robins},
  booktitle   = {The Cambridge Handbook of Computing Education Research},
  publisher   = {Cambridge University Press},
  address     = {Cambridge},
  year        = {2019},
  pages       = {NNN-NNN},
  chapter     = {5},
}
@incollection{ch06,
  author      = {Haden, Patricia},
  title       = {Inferential Statistics},
  editor      = {Sally A. Fincher and Anthony V. Robins},
  booktitle   = {The Cambridge Handbook of Computing Education Research},
  publisher   = {Cambridge University Press},
  address     = {Cambridge},
  year        = {2019},
  pages       = {NNN-NNN},
  chapter     = {6},
}
@incollection{ch07,
  author      = {Tenenberg, Josh},
  title       = {Qualitative methods for computing education},
  editor      = {Sally A. Fincher and Anthony V. Robins},
  booktitle   = {The Cambridge Handbook of Computing Education Research},
  publisher   = {Cambridge University Press},
  address     = {Cambridge},
  year        = {2019},
  pages       = {NNN-NNN},
  chapter     = {7},
}
@incollection{ch08,
  author      = {Margulieux, Lauren E. and Dorn, Brian and Searle, Kristin A.},
  title       = {Learning sciences for computing education},
  editor      = {Sally A. Fincher and Anthony V. Robins},
  booktitle   = {The Cambridge Handbook of Computing Education Research},
  publisher   = {Cambridge University Press},
  address     = {Cambridge},
  year        = {2019},
  pages       = {NNN-NNN},
  chapter     = {8},
}
@incollection{ch09,
  author      = {Robins, Anthony and Margulieux, Lauren E. and Morrison, Briana B.},
  title       = {Cognitive sciences for computing education},
  editor      = {Sally A. Fincher and Anthony V. Robins},
  booktitle   = {The Cambridge Handbook of Computing Education Research},
  publisher   = {Cambridge University Press},
  address     = {Cambridge},
  year        = {2019},
  pages       = {NNN-NNN},
  chapter     = {9},
}

@incollection{ch10,
  author      = {Shephard, Kerry},
  title       = {Higher education pedagogy},
  editor      = {Sally A. Fincher and Anthony V. Robins},
  booktitle   = {The Cambridge Handbook of Computing Education Research},
  publisher   = {Cambridge University Press},
  address     = {Cambridge},
  year        = {2019},
  pages       = {NNN-NNN},
  chapter     = {10},
}
@incollection{ch11,
  author      = {Loui, Michael C. and Borrego, Maura},
  title       = {Engineering education research},
  editor      = {Sally A. Fincher and Anthony V. Robins},
  booktitle   = {The Cambridge Handbook of Computing Education Research},
  publisher   = {Cambridge University Press},
  address     = {Cambridge},
  year        = {2019},
  pages       = {NNN-NNN},
  chapter     = {11},
}
@incollection{ch12,
  author      = {Robins, Anthony},
  title       = {Novice programmers and introductory programming},
  editor      = {Sally A. Fincher and Anthony V. Robins},
  booktitle   = {The Cambridge Handbook of Computing Education Research},
  publisher   = {Cambridge University Press},
  address     = {Cambridge},
  year        = {2019},
  pages       = {NNN-NNN},
  chapter     = {12},
}
@incollection{ch13,
  author      = {Krishnamurthi, Shriram and Fisler, Kathi},
  title       = {Programming paradigms and beyond},
  editor      = {Sally A. Fincher and Anthony V. Robins},
  booktitle   = {The Cambridge Handbook of Computing Education Research},
  publisher   = {Cambridge University Press},
  address     = {Cambridge},
  year        = {2019},
  pages       = {NNN-NNN},
  chapter     = {13},
}

@incollection{ch14,
  author      = {Lancaster, Thomas and Robins, Anthony and Fincher, Sally A.},
  title       = {Assessment and plagiarism},
  editor      = {Sally A. Fincher and Anthony V. Robins},
  booktitle   = {The Cambridge Handbook of Computing Education Research},
  publisher   = {Cambridge University Press},
  address     = {Cambridge},
  year        = {2019},
  pages       = {NNN-NNN},
  chapter     = {14},
}

@incollection{ch15,
  author      = {Falkner, Katrina and Sheard, Judy},
  title       = {Pedagogic approaches},
  editor      = {Sally A. Fincher and Anthony V. Robins},
  booktitle   = {The Cambridge Handbook of Computing Education Research},
  publisher   = {Cambridge University Press},
  address     = {Cambridge},
  year        = {2019},
  pages       = {NNN-NNN},
  chapter     = {15},
}

@incollection{ch16,
  author       = {Lewis, Colleen M. and Shah, Niral and Falkner, Katrina},
  title      = {Equity and diversity},
  editor      = {Sally A. Fincher and Anthony V. Robins},
  booktitle   = {The Cambridge Handbook of Computing Education Research},
  publisher   = {Cambridge University Press},
  address     = {Cambridge},
  year        = {2019},
  pages       = {NNN-NNN},
  chapter     = {16},
}
@incollection{ch17,
  author      = {Curzon, Paul and Bell, Tim and Waite, Jane and Dorling, Mark},
  title       = {Computational thinking},
  editor      = {Sally A. Fincher and Anthony V. Robins},
  booktitle   = {The Cambridge Handbook of Computing Education Research},
  publisher   = {Cambridge University Press},
  address     = {Cambridge},
  year        = {2019},
  pages       = {NNN-NNN},
  chapter     = {17},
}

@incollection{ch18,
  author      = {Vahrenhold, Jan and Cutts, Quintin and Falkner, Katrina},
  title       = {Schools (K-12)},
  editor      = {Sally A. Fincher and Anthony V. Robins},
  booktitle   = {The Cambridge Handbook of Computing Education Research},
  publisher   = {Cambridge University Press},
  address     = {Cambridge},
  year        = {2019},
  pages       = {NNN-NNN},
  chapter     = {18},
}
@incollection{ch19,
  author      = {Guzdial, Mark},
  title       = {Computing for other disciplines},
  editor      = {Sally A. Fincher and Anthony V. Robins},
  booktitle   = {The Cambridge Handbook of Computing Education Research},
  publisher   = {Cambridge University Press},
  address     = {Cambridge},
  year        = {2019},
  pages       = {NNN-NNN},
  chapter     = {19},
}

@incollection{ch20,
  author      = {Shapiro, R. Benjamin and Tissenbaum, Mike},
  title       = {New programming paradigms},
  editor      = {Sally A. Fincher and Anthony V. Robins},
  booktitle   = {The Cambridge Handbook of Computing Education Research},
  publisher   = {Cambridge University Press},
  address     = {Cambridge},
  year        = {2019},
  pages       = {NNN-NNN},
  chapter     = {20},
}
@incollection{ch21,
  author      = {Malmi, Lauri and Utting, Ian and Ko, Andrew J.},
  title       = {Tools and environments},
  editor      = {Sally A. Fincher and Anthony V. Robins},
  booktitle   = {The Cambridge Handbook of Computing Education Research},
  publisher   = {Cambridge University Press},
  address     = {Cambridge},
  year        = {2019},
  pages       = {NNN-NNN},
  chapter     = {21},
}


@incollection{ch22,
  author      = {Horn, Michael and Bers, Marina},
  title       = {Tangible computing},
  editor      = {Sally A. Fincher and Anthony V. Robins},
  booktitle   = {The Cambridge Handbook of Computing Education Research},
  publisher   = {Cambridge University Press},
  address     = {Cambridge},
  year        = {2019},
  pages       = {NNN-NNN},
  chapter     = {22},
}
@incollection{ch23,
  author      = {Carter, Adam and Hundhausen, Christopher and Olivares, Daniel},
  title       = {Leveraging the IDE for learning analytics},
  editor      = {Sally A. Fincher and Anthony V. Robins},
  booktitle   = {The Cambridge Handbook of Computing Education Research},
  publisher   = {Cambridge University Press},
  address     = {Cambridge},
  year        = {2019},
  pages       = {NNN-NNN},
  chapter     = {23},
}
@incollection{ch24,
  author      = {Goode, Joanna and Ryoo, Jean J.},
  title       = {Teacher knowledge for inclusive computing learning},
  editor      = {Sally A. Fincher and Anthony V. Robins},
  booktitle   = {The Cambridge Handbook of Computing Education Research},
  publisher   = {Cambridge University Press},
  address     = {Cambridge},
  year        = {2019},
  pages       = {NNN-NNN},
  chapter     = {24},
}

@incollection{ch25,
  author      = {Fincher, Sally. A. and Ben-David Kolikant, Yifat and Falkner, Katrina},
  title       = {Teacher learning and development},
  editor      = {Sally A. Fincher and Anthony V. Robins},
  booktitle   = {The Cambridge Handbook of Computing Education Research},
  publisher   = {Cambridge University Press},
  address     = {Cambridge},
  year        = {2019},
  pages       = {NNN-NNN},
  chapter     = {25},
}


@incollection{ch26,
  author      = {Begel, Andrew and Ko, Andrew J.},
  title       = {Learning outside the classroom},
  editor      = {Sally A. Fincher and Anthony V. Robins},
  booktitle   = {The Cambridge Handbook of Computing Education Research},
  publisher   = {Cambridge University Press},
  address     = {Cambridge},
  year        = {2019},
  pages       = {NNN-NNN},
  chapter     = {26},
}

@incollection{ch27,
  author      = {Lewis, Colleen M. and Clancy, Michael J. and Vahrenhold, Jan},
  title       = {Student knowledge and misconceptions},
  editor      = {Sally A. Fincher and Anthony V. Robins},
  booktitle   = {The Cambridge Handbook of Computing Education Research},
  publisher   = {Cambridge University Press},
  address     = {Cambridge},
  year        = {2019},
  pages       = {NNN-NNN},
  chapter     = {27},
}
@incollection{ch28,
  author      = {Lishinski, Alex and Yadav, Aman},
  title       = {Motivation, attitudes and dispositions},
  editor      = {Sally A. Fincher and Anthony V. Robins},
  booktitle   = {The Cambridge Handbook of Computing Education Research},
  publisher   = {Cambridge University Press},
  address     = {Cambridge},
  year        = {2019},
  pages       = {NNN-NNN},
  chapter     = {28},
}

@incollection{ch29,
  author      = {Simon, Beth and Hundhausen, Christopher and McDowell, Charlie and Werner, Linda and Hu, Helen and Kussmaul, Clif},
  title       = {Students as teachers and communicators},
  editor      = {Sally A. Fincher and Anthony V. Robins},
  booktitle   = {The Cambridge Handbook of Computing Education Research},
  publisher   = {Cambridge University Press},
  address     = {Cambridge},
  year        = {2019},
  pages       = {NNN-NNN},
  chapter     = {29},
}


@incollection{ch30,
  author      = {Porter, Leo and Simon, Beth},
  title       = {A case study of peer instruction},
  editor      = {Sally A. Fincher and Anthony V. Robins},
  booktitle   = {The Cambridge Handbook of Computing Education Research},
  publisher   = {Cambridge University Press},
  address     = {Cambridge},
  year        = {2019},
  pages       = {NNN-NNN},
  chapter     = {30},
}
@incollection{ch31,
  author      = {Lewis, Colleen M.},
  title       = {A case study of qualitative methods},
  editor      = {Sally A. Fincher and Anthony V. Robins},
  booktitle   = {The Cambridge Handbook of Computing Education Research},
  publisher   = {Cambridge University Press},
  address     = {Cambridge},
  year        = {2019},
  pages       = {NNN-NNN},
  chapter     = {31},
}


\end{thebibliography}


